@misc{postgres,
    author    = "PostgreSQLTutorial",
    title     = "PostgreSQL Tutorial - Learn PostgreSQL from Scratch",
    url       = "www.postgresqltutorial.com"
}

